@inproceedings{das2013online,
	title = {Online Lazy Updates for Portfolio Selection with Transaction Costs},
	author = {Das, P. and Johnson, N. and Banerjee, A.},
	year = {2013},
	booktitle = {AAAI},
	pages={202--208}
}

@Article{Yanqing_MaA,
  author={Yanqing Jiang and Jian Yuan and Mengmeng Zeng},
  title={{A Game Theoretic Study of Enterprise Mergers and Acquisitions: The Case of RJR Nabisco Being Acquired by KKR}},
  journal={Business and Management Studies},
  year=2016,
  volume={2},
  number={2},
  pages={21-33},
  month={June},
  keywords={merger \& acquisition; game; stakeholder; KKR},
  doi={}
}

@article{black1973pricing,
  title={The pricing of options and corporate liabilities},
  author={Black, Fischer and Scholes, Myron},
  journal={Journal of political economy},
  volume={81},
  number={3},
  pages={637--654},
  year={1973},
  publisher={The University of Chicago Press}
}

@misc{mitchell1997machine,
  title={Machine learning},
  author={Mitchell, Tom M and others},
  year={1997},
  publisher={McGraw-hill New York}
}

@inproceedings{srebro2011universality,
  title={On the universality of online mirror descent},
  author={Srebro, Nati and Sridharan, Karthik and Tewari, Ambuj},
  booktitle={Advances in neural information processing systems},
  pages={2645--2653},
  year={2011}
}

@article{van2014renyi,
  title={R{\'e}nyi divergence and Kullback-Leibler divergence},
  author={Van Erven, Tim and Harremos, Peter},
  journal={IEEE Transactions on Information Theory},
  volume={60},
  number={7},
  pages={3797--3820},
  year={2014},
  publisher={IEEE}
}

@article{banerjee2005clustering,
  title={Clustering with Bregman divergences},
  author={Banerjee, Arindam and Merugu, Srujana and Dhillon, Inderjit S and Ghosh, Joydeep},
  journal={Journal of machine learning research},
  volume={6},
  number={Oct},
  pages={1705--1749},
  year={2005}
}

@book{poundstone2010fortune,
  title={Fortune's Formula: The untold story of the scientific betting system that beat the casinos and wall street},
  author={Poundstone, William},
  year={2010},
  publisher={Hill and Wang}
}

@article{samuelson1977st,
  title={St. Petersburg paradoxes: Defanged, dissected, and historically described},
  author={Samuelson, Paul A},
  journal={Journal of Economic Literature},
  volume={15},
  number={1},
  pages={24--55},
  year={1977},
  publisher={JSTOR}
}

@article{langdon1984introduction,
  title={An introduction to arithmetic coding},
  author={Langdon, Glen G},
  journal={IBM Journal of Research and Development},
  volume={28},
  number={2},
  pages={135--149},
  year={1984},
  publisher={IBM}
}

@book{cover2012elements,
  title={Elements of information theory},
  author={Cover, Thomas M and Thomas, Joy A},
  year={2012},
  publisher={John Wiley \& Sons}
}

@article{cesa2003potential,
  title={Potential-based algorithms in on-line prediction and game theory},
  author={Cesa-Bianchi, Nicolo and Lugosi, G{\'a}bor},
  journal={Machine Learning},
  volume={51},
  number={3},
  pages={239--261},
  year={2003},
  publisher={Springer}
}

@inproceedings{agarwal2010optimal,
  title={Optimal allocation strategies for the dark pool problem},
  author={Agarwal, Alekh and Bartlett, Peter and Dama, Max},
  booktitle={Proceedings of the Thirteenth International Conference on Artificial Intelligence and Statistics},
  pages={9--16},
  year={2010}
}

@article{belmega2018online,
  title={Online convex optimization and no-regret learning: Algorithms, guarantees and applications},
  author={Belmega, E Veronica and Mertikopoulos, Panayotis and Negrel, Romain and Sanguinetti, Luca},
  journal={arXiv preprint arXiv:1804.04529},
  year={2018}
}



@article{blackwell1956analog,
  title={An analog of the minimax theorem for vector payoffs.},
  author={Blackwell, David and others},
  journal={Pacific Journal of Mathematics},
  volume={6},
  number={1},
  pages={1--8},
  year={1956},
  publisher={Pacific Journal of Mathematics}
}

@article{hart2001general,
  title={A general class of adaptive strategies},
  author={Hart, Sergiu and Mas-Colell, Andreu},
  journal={Journal of Economic Theory},
  volume={98},
  number={1},
  pages={26--54},
  year={2001},
  publisher={Elsevier}
}

@article{hannan1957approximation,
  title={Approximation to Bayes risk in repeated play},
  author={Hannan, James},
  journal={Contributions to the Theory of Games},
  volume={3},
  pages={97--139},
  year={1957}
}

@inproceedings{ross2011reduction,
  title={A reduction of imitation learning and structured prediction to no-regret online learning},
  author={Ross, St{\'e}phane and Gordon, Geoffrey and Bagnell, Drew},
  booktitle={Proceedings of the fourteenth international conference on artificial intelligence and statistics},
  pages={627--635},
  year={2011}
}

@incollection{kelly2011new,
  title={A new interpretation of information rate},
  author={Kelly Jr, John L},
  booktitle={The Kelly Capital Growth Investment Criterion: Theory and Practice},
  pages={25--34},
  year={2011},
  publisher={World Scientific}
}

@techreport{cover1966behavior,
  title={BEHAVIOR OF SEQUENTIAL PREDICTORS OF BINARY SEQUENCES.},
  author={Cover, Thomas M},
  year={1966},
  institution={STANFORD UNIV CALIF STANFORD ELECTRONICS LABS}
}

@book{cesa2006prediction,
  title={Prediction, learning, and games},
  author={Cesa-Bianchi, Nicolo and Lugosi, G{\'a}bor},
  year={2006},
  publisher={Cambridge university press}
}

@article{hakansson1995capital,
  title={Capital growth theory},
  author={Hakansson, Nils H and Ziemba, William T and others},
  journal={Handbooks in operations research and management science},
  volume={9},
  pages={65--86},
  year={1995},
  publisher={Elsevier Amsterdam}
}


@book{sutton1998introduction,
  title={Introduction to reinforcement learning},
  author={Sutton, Richard S and others},
  volume={135}
}

@article{debreu1952social,
  title={A social equilibrium existence theorem},
  author={Debreu, Gerard},
  journal={Proceedings of the National Academy of Sciences},
  volume={38},
  number={10},
  pages={886--893},
  year={1952},
  publisher={National Acad Sciences}
}

@inproceedings{zinkevich2003online,
  title={Online convex programming and generalized infinitesimal gradient ascent},
  author={Zinkevich, Martin},
  booktitle={Proceedings of the 20th international conference on machine learning (icml-03)},
  pages={928--936},
  year={2003}
}

@article{shalev2012online,
  title={Online learning and online convex optimization},
  author={Shalev-Shwartz, Shai and others},
  journal={Foundations and Trends{\textregistered} in Machine Learning},
  volume={4},
  number={2},
  pages={107--194},
  year={2012},
  publisher={Now Publishers, Inc.}
}

@inproceedings{bousquet2003introduction,
  title={Introduction to statistical learning theory},
  author={Bousquet, Olivier and Boucheron, St{\'e}phane and Lugosi, G{\'a}bor},
  booktitle={Summer School on Machine Learning},
  pages={169--207},
  year={2003},
  organization={Springer}
}
